@InProceedings{C2,
  author = 	 "Jones, C.D. and Smith, A.B. and Roberts, E.F.",
  title =        "Article Title",
  booktitle =        "Proceedings Title",
  organization = "IEEE",
  year = 	 "2003",
  volume = 	 "II",
  pages = 	 "803-806"
}

@Article{Lamp86,
  author =       "A.B. Smith and C.D. Jones and E.F. Roberts",
  title =        "Article Title",
  journal = 	 "Journal",
  year = 	 "1920",
  volume = 	 "62",
  pages = 	 "291-294",
  month = 	 "January"
}

@article{zimmerman1988evaluation,
  title={An evaluation of the effectiveness of adaptive histogram equalization for contrast enhancement},
  author={Zimmerman, John B and Pizer, Stephen M and Staab, Edward V and Perry, J Randolph and McCartney, William and Brenton, Bradley C},
  journal={Medical Imaging, IEEE Transactions on},
  volume={7},
  number={4},
  pages={304--312},
  year={1988},
  publisher={IEEE}
}

@article{tsai2008information,
  title={Information entropy measure for evaluation of image quality},
  author={Tsai, Du-Yih and Lee, Yongbum and Matsuyama, Eri},
  journal={Journal of digital imaging},
  volume={21},
  number={3},
  pages={338--347},
  year={2008},
  publisher={Springer}
}
