\begin{document}

%%ya
@article{Zuiderveld:1994:CLA:180895.180940,
 author = {Zuiderveld, Karel},
 title = {Contrast Limited Adaptive Histogram Equalization},
 journal = {Graphics Gems IV},
 year = {1994},
 isbn = {0-12-336155-9},
 pages = {474--485},
 publisher = {Academic Press Professional, Inc.}
} 

%%ya
@book{russ2010,
  title = {The image processing handbook},
  author = {Russ, John C},
  year = {2010},
  publisher = {CRC press},
  address = {Florida - USA}
}

%%ya
@book{oceano2000,
  author = {Gispert, Carlos},
  title = {Enciclopedia interactiva de los conocimientos},
  year = {2000},
  publisher = {OCEANO, Grupo Editorial S.A.},
  address = {Barcelona - España}
}

%%ya
@article{jain2004,
  title = {An introduction to biometric recognition},
  author = {Jain, Anil K and Ross, Arun and Prabhakar, Salil},
  journal = {Circuits and Systems for Video Technology, IEEE Transactions on},
  volume = {14},
  number = {1},
  pages = {4-20},
  year = {2004}
}

%%ya
@misc{gris,
  author = {Diccionario de la Real Academia Española},
  year = {2014},
  title = {Gris},
  howpublished = {\url{http://lema.rae.es/drae/?val=gris}},
  note = {En línea. Acceso: 14-11-2014}
}

%%ya
@misc{gray,
  author = {Dictionary},
  year = {2014},
  title = {Gray},
  howpublished = {\url{http://dictionary.reference.com/browse/gray?s=t}},
  note = {En línea. Acceso: 14-11-2014}
}

%%ya
@unpublished{garcia_fenoll,
  author = {García Fenoll, Ignacio},
  title = {Aportaciones a la Segmentación y Caracterización de Imágenes Médicas 3D},
  note = {Tesis de Grado, Universidad de Sevilla, España},
  month = {Enero},
  year = {2010}
}

%%ya
@article{luzmila,
 author = {Pró Concepción, Luzmila and Gonzáles Suárez, Juan Carlos and Contreras Flores, Walter and Yañez Duran, Carlos Enrique},
 title = {Tecnologías Biométricas aplicadas a la seguridad en las organizaciones},
 journal = {Revista de Ingeniería de Sistemas e Informática},
 year = {2009},
 month = {Diciembre},
 volume = {6},
 issue = {2},
 pages = {55-66}
}

%%ya
@book{baxes1994digital,
  title = {Digital image processing: principles and applications},
  author = {Baxes, Gregory A},
  year = {1994},
  publisher = {John Wiley \& Sons, Inc.}
}

%%ya
@book{parker2010,
  title = {Algorithms for image processing and computer vision},
  author = {Parker, Jim R},
  year = {2010},
  publisher = {John Wiley \& Sons}
}

%%ya
@article{arbelaez2011,
  title = {Contour detection and hierarchical image segmentation},
  author = {Arbelaez, Pablo and Maire, Michael and Fowlkes, Charless and Malik, Jitendra},
  journal = {Pattern Analysis and Machine Intelligence, IEEE Transactions on},
  volume = {33},
  number = {5},
  pages = {898-916},
  year = {2011}
}

%%ya
@book{chen2010,
  title = {Handbook of pattern recognition and computer vision},
  author = {Chen, Chi-hau and Pau, Louis-Fran{\c{c}}ois and Wang, Patrick Shen-pei},
  year = {2010},
  publisher = {World Scientific}
}

%%ya
@article{balvant2011,
  title = {Analysis of Contrast Enhancement Techniques For Underwater Image},
  author = {Singh, Balvant and Mishra, Ravi Shankar and Gour, Puran},
  journal = {International Journal of Computer Technology and Electronics Engineering},
  issn = {2249-6343},
  volume = {1},
  number = {2},
  pages = {190-194},
  year = {2011},
  month = {October},
  publisher = {IJCTEE},
}

%%ya
@article{mojtaba2011,
 author = {Mojtaba Najafi and Sedigheh Ghofrani},
 title = {Iris Recognition Based on Using Ridgelet and Curvelet Transform},
 journal = {International Journal of Signal Processing, Image Processing and Pattern Recognition},
 year = {2011},
 month = {June},
 issn = {2005-4254},
 volume = {4},
 number = {2},
 publisher = {IJSIP},
 pages = {7-18}
}

%%ya
@article{niloofar2013,
 author = {Amani, Niloofar and Shahbahrami, Asadollah and Nahvi, Manoochehr},
 title = {A New Approach for Face Image Enhancement and Recognition},
 journal = {International Journal of Advanced Science and Technology},
 year = {2013},
 month = {March},
 issn = {2005-4238},
 volume = {52},
 pages = {1-10}
}

%%ya
@article{muna2011,
 author = {Hanoon, Muna F},
 title = {Contrast Fingerprint Enhancement Based on Histogram Equalization Followed By Bit Reduction of Vector Quantization},
 journal = {International Journal of Computer Science and Network Security},
 year = {2011},
 month = {May},
 issn = {1738-7906},
 volume = {11},
 number = {5},
 publisher = {Dr. Sang H. Lee},
 pages = {116-123}
}

%%ya
@article{sanpachai2015,
 author = {Sanpachai, H and Malisuwan, Settapong},
 title = {A Study of Image Enhancement for Iris Recognition},
 journal = {Journal of Industrial and Intelligent Information},
 year = {2015},
 month = {March},
 issn = {2301-3745},
 volume = {3},
 number = {1},
 publisher = {ETP},
 pages = {61-64}
}

%%ya
@incollection{olsen2010,
 author = {Olsen, Martin Aastrup and Hartung, Daniel and Busch, Christoph and Larsen, Rasmus},
 title = {Contrast Enhancement and Metrics for Biometric Vein Pattern Recognition},
 booktitle = {Advanced Intelligent Computing Theories and Applications},
 year = {2010},
 volume = {93},
 isbn = {978-3-642-14831-6},
 issn = {1865-0929},
 publisher = {Springer Berlin Heidelberg},
 pages = {425-434}
}

%%ya
@conference{fronthaler,
 author = {Fronthaler, Hartwig and Kollreider, Klaus and Bigun, Josef},
 title = {Pyramid-based Image Enhancement of Fingerprints},
 booktitle = {2007 IEEE Workshop on Automatic Identification Advanced Technologies},
 isbn = {1-4244-1300-1},
 number = {12452},
 pages = {45-50},
 address  = {Alghero},
 year = {2007},
 month = {June},
 publisher = {IEEE}
}

%%ya
@article{randa2013,
 author = {TRABELSI, Randa BOUKHRIS and MASMOUDI, Alima DAMAK and MASMOUDI, Dorra SELLAMI},
 title = {Hand Vein Image Enhancement With Radon Like Features Descriptor},
 journal = {World Academy of Science, Engineering and Technology},
 volume = {7},
 number = {6},
 year = {2013},
 pages = {1653-1656},
 issn = {1307-6892},
 publisher = {World Academy of Science, Engineering and Technology}
}

%%ya
@article{djerouni2014,
 author = {Djerouni, A and Hamada, H and Loukil, A and Berrached, N},
 title = {Dorsal Hand Vein Image Contrast Enhancement Techniques},
 journal = {International Journal of Computer Science Issues},
 year = {2014},
 month = {January},
 issn = {1694-0784},
 volume = {11},
 number = {1},
 issue = {1},
 publisher = {IJCSI},
 pages = {137-142}
}

%%ya
@conference{sundaram2011,
 author = {Sundaram, M and Ramar, K and Arumugam, N and Prabin, G},
 title = {Histogram based contrast enhancement for mammogram images},
 booktitle = {2011 International Conference on Signal Processing, Communication, Computing and Networking Technologies (ICSCCN)},
 year = {2011},
 month = {July},
 isbn = {978-1-61284-654-5},
 pages = {842-846},
 address  = {Thuckafay},
 publisher = {IEEE}
}

%%ya
@article{shelda2013,
 author = {Mohan, Shelda and Ravishankar, M},
 title = {Optimized Histogram Based Contrast Limited Enhancement for Mammogram Images},
 journal = {ACEEE Int. J. on Information Technology},
 year = {2013},
 month = {March},
 issn = {2158-0138},
 volume = {3},
 number = {1},
 publisher = {ACEEE},
 pages = {66-71}
}

%%ya
@conference{sheldapso2013,
 author = {Mohan, Shelda and Mahesh, TR},
 title = {Particle Swarm Optimization based Contrast Limited enhancement for mammogram images},
 booktitle = {2013 7th International Conference on Intelligent Systems and Control (ISCO)},
 year = {2013},
 month = {January},
 isbn = {978-1-4673-4359-6},
 pages = {384-388},
 address  = {Coimbatore, Tamil Nadu, India},
 publisher = {IEEE}
}

%%ya
@article{shashi2013,
 author = {Poddar, Shashi and Tewary, Suman and Sharma, Deewakar and Karar, Vinod and Ghosh, Ashish and Pal, Sankar K},
 title = {Non-parametric modified histogram equalisation for contrast enhancement},
 journal = {IET Image Processing},
 year = {2013},
 month = {October},
 issn = {1751-9659},
 volume = {7},
 issue = {7},
 publisher = {IET},
 pages = {641 - 652}
}

%%ya
@article{komal2011,
 author = {Vij, Komal and Singh, Yaduvir},
 title = {Enhancement of Images Using Histogram Processing Techniques},
 journal = {International Journal of Computer Technology and Applications},
 year = {2011},
 month = {January},
 issn = {2229-6093},
 volume = {2},
 number = {2},
 publisher = {IJCTA},
 pages = {309-313}
}

%%ya
@article{saikat2011,
 author = {Shome, Saikat Kumar and Vadali, Siva Ram Krishna},
 title = {Enhancement of Diabetic Retinopathy Imagery Using Contrast Limited Adaptive Histogram Equalization},
 journal = {International Journal of Computer Science and Information Technologies (IJCSIT)},
 year = {2011},
 month = {November-December},
 issn = {0975-9646},
 volume = {2},
 issue = {6},
 publisher = {IJCSIT},
 pages = {2694-2699}
}

%%ya
@article{lu1994,
  author = {Lu, Jian and Weaver, John B and Healy Jr, Dennis M},
  title = {Contrast enhancement of medical images using multiscale edge representation},
  journal = {Optical engineering},
  volume = {33},
  number = {7},
  pages = {2151--2161},
  year = {1994},
  publisher = {International Society for Optics and Photonics}
}

%%ya
@article{kim2000,
  author = {Kim, Raymond J and Wu, Edwin and Rafael, Allen and Chen, Enn-Ling and Parker, Michele A and Simonetti, Orlando and Klocke, Francis J and Bonow, Robert O and Judd, Robert M},
  title={The use of contrast-enhanced magnetic resonance imaging to identify reversible myocardial dysfunction},
  journal = {New England Journal of Medicine},
  volume = {343},
  number = {20},
  pages = {1445--1453},
  year = {2000},
  publisher = {Mass Medical Soc}
}

%%ya
@incollection{bushong2010manual,
  author = {Bushong, Stewart C},
  booktitle = {Manual de radiología para técnicos},
  isbn = {9788480866361},
  year = {2010},
  pages = {685},
  publisher = {Elsevier}
}

%%ya
@article{rajlaxmi2013,
 author = {Chouhan, Rajlaxmi and Jha, Rajib Kumar and Biswas, Prabir Kumar},
 title = {Enhancement of dark and low-contrast images using dynamic stochastic resonance},
 year = {2013},
 month = {March},
 issn = {1751-9659},
 journal = {IET Image Processing},
 volume = {7},
 issue = {2},
 publisher = {IET},
 pages = {174-184}
}

%%ya
@conference{kwok2006,
 author = {Kwok, Ngai Ming and Ha, Quang Phuc and Liu, DK and Fang, Gu},
 title = {Intensity-Preserving Contrast Enhancement for Gray-Level Images using Multi-objective Particle Swarm Optimization},
 booktitle = {IEEE International Conference on Automation Science and Engineering},
 year = {2006},
 month = {October},
 isbn = {1-4244-0311-1},
 pages = {21-26},
 address  = {Shangai, China},
 publisher = {IEEE}
}

%%ya
@article{Huang2014,
 author = {Huang, S and Chen, W},
 title = {A New Hardware-Efficient Algorithm and Reconfigurable Architecture for Image Contrast Enhancement},
 journal = {IEEE Transactions on Image Processing},
 year = {2014},
 month = {October},
 issn = {1057-7149},
 volume = {23},
 issue = {10},
 publisher = {IEEE},
 pages = {4426-4437}
}

%%ya
@incollection{kwok2013,
 author = {Kwok, NM and Wang, D and Ha, QP and Fang, G and Chen, SY},
 title = {Locally-Equalized Image Contrast Enhancement Using PSO-Tuned Sectorized Equalization},
 booktitle = {Computational Intelligence in Image Processing},
 publisher = {Springer Berlin Heidelberg},
 year = {2013},
 isbn = {978-3-642-30621-1},
 pages = {21-36},
 numpages = {16}
}

%%ya
@article{chulwoo2013,
 author = {Lee, Chulwoo and Lee, Chul and Kim, Chang-Su},
 title = {Contrast Enhancement Based on Layered Difference Representation of 2D Histograms},
 journal = {IEEE Transactions on Image Processing},
 year = {2013},
 month = {December},
 issn = {1057-7149},
 volume = {22},
 number = {12},
 publisher = {IEEE},
 pages = {5372-5384}
}

%%ya
@article{byong2013,
 author = {Min, Byong Seok and Lim, Dong Kyun and Kim, Seung Jong and Lee, Joo Heung},
 title = {A Novel Method of Determining Parameters of CLAHE Based on Image Entropy},
 journal = {International Journal of Software Engineering and Its Applications},
 year = {2013},
 month = {September},
 issn = {1738-9984},
 volume = {7},
 number = {5},
 publisher = {SERSC},
 pages = {113-120}
}

%%ya
@conference{malik2007,
 author = {Braik, Malik and Sheta, Alaa F and Ayesh, Aladdin},
 title = {Image Enhancement Using Particle Swarm Optimization},
 booktitle = {Proceedings of the World Congress on Engineering},
 year = {2007},
 month = {July},
 isbn = {978-988-98671-5-7},
 address  = {London, U.K.},
 publisher = {IAENG}
}

%%ya
@conference{hashemi2009,
 title = {An image contrast enhancement method based on genetic algorithm},
 author = {Hashemi, Sara and Kiani, Soheila and Noroozi, Navid and Moghaddam, Mohsen Ebrahimi},
 booktitle = {2009 International Conference on Digital Image Processing},
 year = {2009},
 month = {March},
 isbn = {978-0-7695-3565-4},
 publisher = {IEEE},
 pages = {167-171},
 address = {Bangkok}
}

%%ya
@article{Shanmugavadivu2011,
 author = {Shanmugavadivu, P and Balasubramanian, K and Somasundaram, K},
 title = {Modified Histogram Equalization For Image Contrast Enhancement Using Particle Swarm Optimization},
 journal = {International Journal of Computer Science, Engineering and Information Technology},
 year = {2011},
 month = {December},
 volume = {1},
 number = {5},
 publisher = {IJCSEIT},
 pages = {13-27}
}

%%ya
@article{kim1997,
 author = {Kim, Yeong-Taeg},
 title = {Contrast enhancement using brightness preserving bi-histogram equalization},
 year = {1997},
 month = {February},
 journal = {IEEE Transactions on Consumer Electronics},
 volume = {43},
 issue = {1},
 publisher = {IEEE},
 issn = {0098-3063},
 pages = {1-8}
}

%%ya
@article{wang1999,
 author = {Wang, Yu and Chen, Qian and Zhang, Baomin},
 title = {Image enhancement based on equal area dualistic sub-image histogram equalization method},
 year = {1999},
 month = {February},
 journal = {IEEE Transactions on Consumer Electronics},
 volume = {45},
 issue = {1},
 publisher = {IEEE},
 issn = {0098-3063},
 pages = {68-75}
}

%%ya
@article{kim2001,
 author = {Kim, Joung-Youn and Kim, Lee-Sup and Hwang, Seung-Ho},
 title = {An advanced contrast enhancement using partially overlapped sub-block histogram equalization},
 year = {2001},
 month = {April},
 journal = {IEEE Transactions on Circuits and Systems for Video Technology},
 volume = {11},
 issue = {4},
 publisher = {IEEE},
 issn = {1051-8215},
 pages = {475-484}
}

%%ya
@book{ketcham1976image,
 title = {Image Enhancement Techniques for Cockpit Displays},
 author = {Ketcham, David J and Lowe, Roger W and Weber, JW},
 year = {1976},
 publisher = {Defense Technical Information Center}
}


%%ya
@inproceedings{conf/cbms/Kurak91,
 author = {Kurak Jr, Charles W},
 title = {Adaptive histogram equalization: a parallel implementation},
 booktitle = {CBMS},
 isbn = {0-8186-2164-8},
 pages = {192-199},
 publisher = {IEEE},
 year = 1991
}

%%ya
@article{Pizer:1987:AHE:29040.29046,
 author = {Pizer, Stephen M and Amburn, E Philip and Austin, John D and Cromartie, Robert and Geselowitz, Ari and Greer, Trey and ter Haar Romeny, Bart and Zimmerman, John B and Zuiderveld, Karel},
 title = {Adaptive Histogram Equalization and Its Variations},
 journal = {Comput. Vision Graph. Image Process.},
 volume = {39},
 number = {3},
 month = sep,
 year = {1987},
 issn = {0734-189X},
 pages = {355--368},
 publisher = {Academic Press Professional, Inc.}
} 

%%ya
@article{pisano1998,
 title = {Contrast Limited Adaptive Histogram Equalization image processing to improve the detection of simulated spiculations in dense mammograms},
 author = {Pisano, Etta D and Zong, Shuquan and Hemminger, Bradley M and DeLuca, Marla and Johnston, R Eugene and Muller, Keith and Braeuning, M Patricia and Pizer, Stephen M},
 year = {1998},
 issn = {0897-1889},
 journal = {Journal of Digital Imaging},
 volume = {11},
 number = {4},
 publisher = {Springer-Verlag},
 pages = {193-200}
}

%%ya
@article{zimmerman1989,
 author = {Zimmerman, John B and Cousins, Steve B and Frisse, Mark E and Hartzell, Karin M and Kahn, Michael G},
 year = {1989},
 issn = {0897-1889},
 journal = {Journal of Digital Imaging},
 volume = {2},
 number = {2},
 title = {A psychophysical comparison of two methods for adaptive histogram equalization},
 publisher = {Springer-Verlag},
 pages = {82-91}
}

%%ya
@misc{Imagenlennasource,
  author = {Lenna},
  year = {2014},
  title = {Imagen de Referencia},
  howpublished = {\url{http://sipi.usc.edu/database/database.php?volume=misc&image=12#top}},
  note = {Fecha de acceso: 2014-09-06}
}

%ya
@ARTICLE{shannon6773024, 
 author = {Shannon, Claude Elwood},
 journal = {Bell System Technical Journal, The}, 
 title = {A mathematical theory of communication}, 
 year = {1948}, 
 month = {July}, 
 volume = {27}, 
 number = {3}, 
 pages = {379-423}, 
 ISSN = {0005-8580}
}

%%ya
@article{tsai2008,
 author = {Tsai, Du-Yih and Lee, Yongbum and Matsuyama, Eri},
 year = {2008},
 issn = {0897-1889},
 journal = {Journal of Digital Imaging},
 volume = {21},
 number = {3},
 doi = {10.1007/s10278-007-9044-5},
 title = {Information Entropy Measure for Evaluation of Image Quality},
 publisher = {Springer-Verlag},
 pages = {338-347}
}

%%ya
@ARTICLE{khellaf1991, 
 author = {Khellaf, A and Beghdadi, A and Dupoisot, H.}, 
 journal = {Medical Imaging, IEEE Transactions on}, 
 title = {Entropic contrast enhancement}, 
 year = {1991}, 
 month = {Dec}, 
 volume = {10}, 
 number = {4}, 
 pages = {589-592},
 ISSN = {0278-0062}
}

%%ya
@ARTICLE{wang2004,
 author = {Wang, Zhou and Bovik, Alan C and Sheikh, Hamid R and Simoncelli, Eero P},
 journal = {Image Processing, IEEE Transactions on},
 title = {Image quality assessment: from error visibility to structural similarity},
 year = {2004},
 month = {April},
 volume = {13},
 number = {4},
 pages = {600-612},
 ISSN = {1057-7149}
}

%%ya
@article{Poli2008,
 author = {Poli, Riccardo},
 title = {Analysis of the Publications on the Applications of Particle Swarm Optimisation},
 journal = {J. Artif. Evol. App.},
 volume = {2008},
 month = jan,
 year = {2008},
 issn = {1687-6229},
 pages = {4:1--4:10},
 publisher = {Hindawi Publishing Corp.}
} 

%%ya
@article{Kennedy2007,
 author = {Poli, Riccardo and Kennedy, James and Blackwell, Tim},
 year = {2007},
 issn = {1935-3812},
 journal = {Swarm Intelligence},
 volume = {1},
 number = {1},
 title = {Particle swarm optimization},
 publisher = {Springer US},
 pages = {33-57}
}

%%ya
@INPROCEEDINGS{eberhart1998,
  title = {A modified particle swarm optimizer},
  author = {Shi, Yuhui and Eberhart, Russell C},
  booktitle = {Evolutionary Computation Proceedings, 1998. IEEE World Congress on Computational Intelligence., The 1998 IEEE International Conference on},
  pages = {69--73},
  year = {1998},
  month = {May}, 
  organization = {IEEE}
}

%%ya
@phdthesis{VanDenBergh2002,
 author = {Van Den Bergh, Frans},
 title = {An Analysis of Particle Swarm Optimizers},
 year = {2006},
 publisher = {University of Pretoria},
 address = {Pretoria, South Africa, South Africa},
} 

%%ya
@inproceedings{kennedy1997particle,
  title = {The particle swarm: social adaptation of knowledge},
  author = {Kennedy, James},
  booktitle = {Evolutionary Computation, 1997., IEEE International Conference on},
  pages = {303-308},
  year = {1997},
  organization = {IEEE}
}

%%ya
@inproceedings{shi1998parameter,
  title = {Parameter selection in particle swarm optimization},
  author = {Shi, Yuhui and Eberhart, Russell C},
  booktitle = {Evolutionary Programming VII},
  pages = {591-600},
  year = {1998},
  organization = {Springer}
}

%%ya
@article{clerc2002particle,
  title = {The particle swarm-explosion, stability, and convergence in a multidimensional complex space},
  author = {Clerc, Maurice and Kennedy, James},
  journal = {Evolutionary Computation, IEEE Transactions on},
  volume = {6},
  number = {1},
  pages = {58-73},
  year = {2002},
  publisher = {IEEE}
}

%%ya
@article{trelea2003particle,
  title = {The particle swarm optimization algorithm: convergence analysis and parameter selection},
  author = {Trelea, Ioan Cristian},
  journal = {Information processing letters},
  volume = {85},
  number = {6},
  pages = {317-325},
  year = {2003},
  publisher = {Elsevier}
}

%%ya
@article{zhan2011orthogonal,
  title = {Orthogonal learning particle swarm optimization},
  author = {Zhan, Zhi-Hui and Zhang, Jun and Li, Yun and Shi, Yu-Hui},
  journal = {Evolutionary Computation, IEEE Transactions on},
  volume = {15},
  number = {6},
  pages = {832--847},
  year = {2011},
  publisher = {IEEE}
}

%%ya
@inproceedings{carlisle2001,
  title = {An off-the-shelf PSO},
  author = {Carlisle, Anthony and Dozier, Gerry},
  booktitle = {Proceedings of the workshop on particle swarm optimization},
  volume = {1},
  pages={1-6},
  year = {2001},
  organization = {Indianapolis}
}

%%ya
@incollection{guervos2002,
 author = {Krink, Thiemo and L{\o}vbjerg, Morten},
 title = {The LifeCycle Model: Combining Particle Swarm Optimisation, Genetic Algorithms and HillClimbers},
 year = {2002},
 isbn = {978-3-540-44139-7},
 booktitle = {Parallel Problem Solving from Nature — PPSN VII},
 volume = {2439},
 publisher = {Springer Berlin Heidelberg},
 pages = {621-630}
}

%%ya
@article{Niknam2010183,
  title = {An efficient hybrid approach based on PSO, ACO and< i> k</i>-means for cluster analysis},
  author = {Niknam, Taher and Amiri, Babak},
  journal = {Applied Soft Computing},
  volume = {10},
  number = {1},
  pages = {183-197},
  year = {2010},
  publisher = {Elsevier}
}

%%ya
@inproceedings{lovbjerg2002extending,
  title = {Extending particle swarm optimisers with self-organized criticality},
  author = {Lovbjerg, Morten and Krink, Thiemo},
  booktitle = {Computational Intelligence, Proceedings of the World on Congress on},
  volume = {2},
  pages = {1588-1593},
  year = {2002},
  organization = {IEEE}
}

%%ya
@article{xinchao2010perturbed,
  title={A perturbed particle swarm algorithm for numerical optimization},
  author={Xinchao, Zhao},
  journal={Applied Soft Computing},
  volume={10},
  number={1},
  pages={119--124},
  year={2010},
  publisher={Elsevier}
}

%%ya
@ARTICLE{cheung2014, 
 author = {Cheung, A and Ding, X and Shen, H},
 journal = {Fuzzy Systems, IEEE Transactions on}, 
 title = {OptiFel: A Convergent Heterogeneous Particle Swarm  Optimization Algorithm for Takagi-Sugeno Fuzzy Modeling},
 year={2013},
 publisher={IEEE},
 month = {Aug}, 
 volume = {22}, 
 number = {4}, 
 pages = {919-933}, 
 ISSN = {1063-6706}
}

%%ya
@incollection{giacobini2012,
 title = {A GPU-based multi-swarm PSO method for parameter estimation in stochastic biological systems exploiting discrete-time target series},
 author = {Nobile, Marco S and Besozzi, Daniela and Cazzaniga, Paolo and Mauri, Giancarlo and Pescini, Dario},
 booktitle = {Evolutionary Computation, Machine Learning and Data Mining in Bioinformatics},
 year = {2012},
 isbn = {978-3-642-29065-7},
 volume = {7246},
 publisher = {Springer Berlin Heidelberg},
 pages = {74-85}
}

%%ya
@incollection{Girod1993,
 author = {Girod, Bernd},
 chapter = {What's Wrong with Mean-squared Error?},
 title = {Digital Images and Human Vision},
 year = {1993},
 isbn = {0-262-23171-9},
 pages = {207--220},
 numpages = {14},
 publisher = {MIT Press},
 address = {Cambridge, MA, USA}
} 

%%ya
@INPROCEEDINGS{teo1994, 
 author = {Teo, Patrick C and Heeger, David J},
 booktitle = {Image Processing, 1994. Proceedings. ICIP-94., IEEE International Conference},
 title = {Perceptual image distortion}, 
 year = {1994}, 
 month = {Nov}, 
 volume = {2}, 
 pages = {982-986}
}

%%ya
@ARTICLE{eskicioglu1995, 
 author={Eskicioglu, Ahmet M and Fisher, Paul S},
 journal={Communications, IEEE Transactions on}, 
 title={Image quality measures and their performance}, 
 year={1995}, 
 month={Dec}, 
 volume={43}, 
 number={12}, 
 pages={2959-2965}, 
 ISSN={0090-6778}
}

%%ya
@article{eckert1998perceptual,
  title={Perceptual quality metrics applied to still image compression},
  author={Eckert, Michael P and Bradley, Andrew P},
  journal={Signal processing},
  volume={70},
  number={3},
  pages={177--200},
  year={1998},
  publisher={Elsevier}
}

%%ya
@article{wang2002universal,
  title={A universal image quality index},
  author={Wang, Zhou and Bovik, Alan C},
  journal={Signal Processing Letters, IEEE},
  volume={9},
  number={3},
  pages={81--84},
  year={2002},
  publisher={IEEE}
}

%%ya
@inproceedings{wang2002image,
  title={Why is image quality assessment so difficult?},
  author={Wang, Zhou and Bovik, Alan C and Lu, Ligang},
  booktitle={Acoustics, Speech, and Signal Processing (ICASSP), 2002 IEEE International Conference on},
  volume={4},
  pages={IV--3313},
  year={2002},
  organization={IEEE}
}

%%ya
@article{Durillo2011,
 author = {Durillo, Juan J and Nebro, Antonio J},
 title = {jMetal: A Java framework for multi-objective optimization},
 journal = {Advances in Engineering Software},
 volume = {42},
 pages = {760-771},
 year = {2011},
 issn = {0965-9978}
}

%%-------desde aca ve negro----------------------

  %author = {Diccionario de la Real Academia Española},
  %year = {2014},
  %title = {Gris},
  %howpublished = {\url{http://lema.rae.es/drae/?val=gris}},
  %note = {En línea. Acceso: 14-11-2014}

@article{opencv_library,
    author = {Bradski, G.},
    journal = {Dr. Dobb's Journal of Software Tools},
    title = {OpenCV},
    year = {2000}
}

@PhdThesis{wiki:rest,
  title = {Architectural Styles and the Design of Network-based Software Architectures},
  author = {Fielding, Roy Thomas},
  school = {University of California, Irvine},
  year = {2000},
}

@misc{ web:restsdk,
 title = {C++ Rest SDK (Codename Casablanca)},
 year = {2014},
 howpublished ={\url{https://casablanca.codeplex.com/documentation.html}},
 note = {En línea. Acceso: 28-10-2014}
}

@misc{ web:json,
   title = {Formato de Intercambio de mensajes: JSON},
   year = {2014},
   howpublished = {\url{http://json.org/}},
   note = {En línea. Acceso: 28-10-2014}
}


@misc{ usc2014,
   title = {Banco de datos de imágenes. Signal and Image Processing Institute - University of Southern California},
   year = {2014},
   howpublished = {\url{http://sipi.usc.edu/database/}},
   note = {En línea. Acceso: 28-10-2014}
}

@book{agustin345,
  title={Teoría de la Información, Codificación y Lenguaje},
  author={Cuevas Agustín, Gonzalo},
  year={1986},
  publisher={Ministerio de Educación y Ciencia},
  isbn={9788436904345}
}

@misc{openimedical,
   title = {Banco de datos de imágenes. OPENi Biomedical Image Search Engine},
   year = {2014},
   howpublished = {\url{http://openi.nlm.nih.gov/}},
   note = {En línea. Acceso: 02-11-2014}
}

@book{salas2003calculus,
  title={Calculus: una y varias variables},
  author={Salas, S.L. and Hille, E. and Etgen, G.J.},
  number={v. 2},
  isbn={9788429151589},
  year={2003},
  publisher={Revert{\'e}}
}

@misc{sdumlamht,
  title = {SDUMLA-HMT - Machine Learning and Data Mining Lab. Shandong University},
  year = {2014}
  howpublished = {\url{http://mla.sdu.edu.cn/sdumla-hmt.html}},
  note = {En línea. Acceso: 12-11-2014}
}

@book{annadurai2007fundamentals,
  title={Fundamentals of digital image processing},
  author={Annadurai, S},
  year={2007},
  publisher={Pearson Education India}
}

@book{coello2002evolutionary,
  title={Evolutionary algorithms for solving multi-objective problems},
  author={Coello, Carlos A Coello and Van Veldhuizen, David A and Lamont, Gary B},
  volume={242},
  year={2002},
  publisher={Springer}
}